
@misc{a,
  author    = {Élise Bonzon},
  title     = {Argumentation computationnelle},
  year      = {2024},
  note      = {Cours donné à l'université Paris Cité, [Novembre]},
  howpublished = {\url{https://moodle.u-paris.fr/pluginfile.php/47364/mod_resource/content/19/03_RCR_argumentation.pdf}},
}

@article{b,
author = {Baroni, Pietro and Caminada, Martin and Giacomin, Massimiliano},
year = {2011},
month = {12},
pages = {365-410},
title = {An introduction to argumentation semantics},
volume = {26},
journal = {Knowledge Eng. Review},
doi = {10.1017/S0269888911000166}
}

@article{c,
  title={Algorithms for Argumentation Semantics: Labeling Attacks as a Generalization of Labeling Arguments},
  author={Samer Nofal and Katie Atkinson and Paul E. Dunne},
  journal={J. Artif. Intell. Res.},
  year={2014},
  volume={49},
  pages={635-668},
  url={https://api.semanticscholar.org/CorpusID:7558389}
}


